<record><leader>00000cas a22000007a 4500</leader><controlfield tag="001">17655615</controlfield><controlfield tag="008">880321d18841891ohuwr ne      0    0eng d</controlfield><datafield ind1=" " ind2=" " tag="010"><subfield code="a">sn 88078332 </subfield></datafield><datafield ind1=" " ind2=" " tag="040"><subfield code="a">ONP</subfield><subfield code="b">eng</subfield><subfield code="c">ONP</subfield><subfield code="d">OCLCQ</subfield></datafield><datafield ind1=" " ind2=" " tag="042"><subfield code="a">msc</subfield></datafield><datafield ind1="0" ind2=" " tag="130"><subfield code="a">Potter's gazette (East Liverpool, Ohio : 1884)</subfield></datafield><datafield ind1="1" ind2="0" tag="245"><subfield code="a">Potter's gazette.</subfield></datafield><datafield ind1=" " ind2=" " tag="260"><subfield code="a">East Liverpool, Ohio :</subfield><subfield code="b">D.B. Martin,</subfield><subfield code="c">1884-</subfield></datafield><datafield ind1=" " ind2=" " tag="300"><subfield code="a">v.</subfield></datafield><datafield ind1=" " ind2=" " tag="310"><subfield code="a">Weekly</subfield></datafield><datafield ind1="0" ind2=" " tag="362"><subfield code="a">Vol. 13, no. 17 (Mar. 13, 1884)-</subfield></datafield><datafield ind1="1" ind2=" " tag="362"><subfield code="a">Ceased in 1891?</subfield></datafield><datafield ind1=" " ind2=" " tag="752"><subfield code="a">United States</subfield><subfield code="b">Ohio</subfield><subfield code="c">Columbiana</subfield><subfield code="d">East Liverpool.</subfield></datafield><datafield ind1="0" ind2="0" tag="780"><subfield code="t">East Liverpool potter's gazette</subfield><subfield code="w">(DLC)sn 88078333</subfield></datafield><datafield ind1="0" ind2="7" tag="785"><subfield code="t">East Liverpool crisis</subfield><subfield code="w">(DLC)sn 88078342</subfield></datafield><datafield ind1="0" ind2="7" tag="785"><subfield code="t">East Liverpool crisis and gazette</subfield><subfield code="w">(DLC)sn 88078340</subfield></datafield></record>